<collection xmlns="http://www.loc.gov/MARC21/slim">
<record>
  <leader>01971nam0a22002891i 450 </leader>
  <controlfield tag="001">IT\ICCU\CNCE\054082</controlfield>
  <controlfield tag="005">20111125000000.0</controlfield>
  <datafield tag="012" ind1=" " ind2=" ">
    <subfield code="a">nisi o.s. i,c. uuAd (7) 1597 (R)</subfield>
    <subfield code="2">fei</subfield>
    <subfield code="9">1</subfield>
  </datafield>
  <datafield tag="012" ind1=" " ind2=" ">
    <subfield code="a">37o. 191. 5344 76as (C) 1597 (R)</subfield>
    <subfield code="2">fei</subfield>
    <subfield code="9">2</subfield>
  </datafield>
  <datafield tag="100" ind1=" " ind2=" ">
    <subfield code="a">20030218d1597        0itac0103    ba</subfield>
  </datafield>
  <datafield tag="101" ind1=" " ind2=" ">
    <subfield code="a">ITA</subfield>
    <subfield code="a">LAT</subfield>
  </datafield>
  <datafield tag="102" ind1=" " ind2=" ">
    <subfield code="a">IT</subfield>
  </datafield>
  <datafield tag="200" ind1="1" ind2=" ">
    <subfield code="a">Dittionario volgare, et latino, nel quale si contiene come i vocaboli italiani si possono dire, &amp; esprimere latinamente. Per m. Filippo Venuti da Cortona. Con vn dittionario delle voci latine, simile a quello del Calepino ... Aggiunto dal medesimo in questa nuoua impressione. Et accresciuto nuouamente di molte voci ... Et hora in quest&apos;vltima impressione ricorrette diligentissimamente</subfield>
  </datafield>
  <datafield tag="210" ind1=" " ind2=" ">
    <subfield code="a">In Roma</subfield>
    <subfield code="c">appresso Bernardo Basa</subfield>
    <subfield code="d">1597</subfield>
    <subfield code="e">Romae</subfield>
    <subfield code="g">apud Bernardum Basam</subfield>
    <subfield code="h">1597</subfield>
  </datafield>
  <datafield tag="215" ind1=" " ind2=" ">
    <subfield code="a">2 pt.</subfield>
    <subfield code="d">8ʻ</subfield>
  </datafield>
  <datafield tag="300" ind1=" " ind2=" ">
    <subfield code="a">2: Dictionarium Latinum, quo Latinae voces, Italicis in dictionario priore adiunctae in eorum commodum ... In Roma : appresso Bernardo Basa, 1597. - La 2. pt. contiene anche: De verborum, ac sententiarum quarundam proprietate, &amp; differentijs Ant. Mariae Speltae Ticinensis appendix</subfield>
  </datafield>
  <datafield tag="423" ind1=" " ind2="0">
    <subfield code="1">001IT\ICCU\CNCE\068044</subfield>
    <subfield code="1">2001 </subfield>
    <subfield code="a">Dictionarium latinum quo latinae voces, italicis in dictionario priore adiunctae ...</subfield>
  </datafield>
  <datafield tag="620" ind1=" " ind2=" ">
    <subfield code="a">IT</subfield>
    <subfield code="d">Roma</subfield>
  </datafield>
  <datafield tag="700" ind1=" " ind2="1">
    <subfield code="a">Venuti,</subfield>
    <subfield code="b">Filippo</subfield>
    <subfield code="3">IT\ICCU\CNCA\006428</subfield>
  </datafield>
  <datafield tag="702" ind1=" " ind2="1">
    <subfield code="a">Spelta,</subfield>
    <subfield code="b">Antonio Maria</subfield>
    <subfield code="3">IT\ICCU\CNCA\008025</subfield>
  </datafield>
  <datafield tag="712" ind1="0" ind2="0">
    <subfield code="a">Basa, Bernardo</subfield>
    <subfield code="3">IT\ICCU\CNCT\000139</subfield>
    <subfield code="4">650</subfield>
  </datafield>
  <datafield tag="790" ind1=" " ind2="1">
    <subfield code="a">Spelta,</subfield>
    <subfield code="b">Antonius Maria</subfield>
    <subfield code="3">IT\ICCU\CNCA\024009</subfield>
    <subfield code="z">Spelta, Antonio Maria</subfield>
  </datafield>
  <datafield tag="801" ind1=" " ind2="3">
    <subfield code="a">IT</subfield>
    <subfield code="b">ICCU</subfield>
    <subfield code="c">20201115</subfield>
  </datafield>
  <datafield tag="899" ind1=" " ind2=" ">
    <subfield code="a">Biblioteca comunale Augusta. Perugia</subfield>
    <subfield code="z">MUTILO</subfield>
    <subfield code="1">PG0109</subfield>
    <subfield code="2">UM1 01</subfield>
  </datafield>
  <datafield tag="899" ind1=" " ind2=" ">
    <subfield code="a">Biblioteca Vallicelliana. Roma</subfield>
    <subfield code="1">RM0281</subfield>
    <subfield code="2">RML 08</subfield>
  </datafield>
  <datafield tag="911" ind1=" " ind2=" ">
    <subfield code="a">Sul front. princip., sul 2. front. e in fine</subfield>
    <subfield code="9">IT\ICCU\CNCM\000415</subfield>
  </datafield>
  <datafield tag="921" ind1=" " ind2=" ">
    <subfield code="a">IT\ICCU\CNCM\000415</subfield>
    <subfield code="b">Anello con diamante sul basamento di una colonna.</subfield>
    <subfield code="e">Firma fides.</subfield>
    <subfield code="c">V190</subfield>
    <subfield code="c">Z73</subfield>
    <subfield code="d">Dimensioni: 2,5 x 2,2</subfield>
    <subfield code="f">ANELLO</subfield>
    <subfield code="f">BASAMENTO</subfield>
    <subfield code="f">DIAMANTE</subfield>
    <subfield code="f">FIRMAFIDES</subfield>
    <subfield code="g">1589-1597</subfield>
  </datafield>
</record>
</collection>
